<marc:collection xmlns:marc="http://www.loc.gov/MARC21/slim" xmlns:xsi="http://www.w3.org/2001/XMLSchema-instance" xsi:schemaLocation="http://www.loc.gov/MARC21/slim http://www.loc.gov/standards/marcxml/schema/MARC21slim.xsd">
  <marc:record>
    <marc:leader>00807caa a2200253Ki 4500</marc:leader>
    <marc:controlfield tag="001">on1106498624</marc:controlfield>
    <marc:controlfield tag="003">PICA</marc:controlfield>
    <marc:controlfield tag="003">OCoLC</marc:controlfield>
    <marc:controlfield tag="005">20190809114311.5</marc:controlfield>
    <marc:controlfield tag="008">190701s2017    xx            000 0 eng d</marc:controlfield>
    <marc:datafield ind1=" " ind2=" " tag="040">
      <marc:subfield code="a">NLGGC</marc:subfield>
      <marc:subfield code="b">eng</marc:subfield>
      <marc:subfield code="c">NLGGC</marc:subfield>
      <marc:subfield code="e">rda</marc:subfield>
    </marc:datafield>
    <marc:datafield ind1="1" ind2=" " tag="029">
      <marc:subfield code="a">NLGGC</marc:subfield>
      <marc:subfield code="b">42306620X</marc:subfield>
    </marc:datafield>
    <marc:datafield ind1=" " ind2=" " tag="035">
      <marc:subfield code="a">(OCoLC)1106498624</marc:subfield>
    </marc:datafield>
    <marc:datafield ind1=" " ind2=" " tag="049">
      <marc:subfield code="a">NLVA</marc:subfield>
    </marc:datafield>
    <marc:datafield ind1="1" ind2=" " tag="100">
      <marc:subfield code="a">Zhao, Liang.</marc:subfield>
      <marc:subfield code="4">aut</marc:subfield>
    </marc:datafield>
    <marc:datafield ind1="1" ind2="0" tag="245">
      <marc:subfield code="a">Letter of Indemnity in Carriage of Goods by Sea: Chinese Law and Judicial Practice / Liang Zhao.</marc:subfield>
    </marc:datafield>
    <marc:datafield ind1=" " ind2=" " tag="260">
      <marc:subfield code="c">2017</marc:subfield>
    </marc:datafield>
    <marc:datafield ind1=" " ind2=" " tag="336">
      <marc:subfield code="a">text</marc:subfield>
      <marc:subfield code="b">txt</marc:subfield>
      <marc:subfield code="2">rdacontent</marc:subfield>
    </marc:datafield>
    <marc:datafield ind1=" " ind2=" " tag="337">
      <marc:subfield code="a">unmediated</marc:subfield>
      <marc:subfield code="b">n</marc:subfield>
      <marc:subfield code="2">rdamedia</marc:subfield>
    </marc:datafield>
    <marc:datafield ind1=" " ind2=" " tag="338">
      <marc:subfield code="a">volume</marc:subfield>
      <marc:subfield code="b">nc</marc:subfield>
      <marc:subfield code="2">rdacarrier</marc:subfield>
    </marc:datafield>
    <marc:datafield ind1="0" ind2=" " tag="773">
      <marc:subfield code="7">nnas</marc:subfield>
      <marc:subfield code="t">Hong Kong law journal</marc:subfield>
      <marc:subfield code="x">0378-0600</marc:subfield>
      <marc:subfield code="g">Vol. 47, No. 1, p. 265-289,</marc:subfield>
      <marc:subfield code="w">(NL-LeOCL)843562056</marc:subfield>
      <marc:subfield code="w">(OCoLC)1752245</marc:subfield>
    </marc:datafield>
    <marc:datafield ind1=" " ind2=" " tag="999">
      <marc:subfield code="a">42306620X</marc:subfield>
    </marc:datafield>
    <marc:datafield ind1=" " ind2=" " tag="994">
      <marc:subfield code="a">92</marc:subfield>
      <marc:subfield code="b">NLVRD</marc:subfield>
    </marc:datafield>
    <marc:datafield ind1=" " ind2=" " tag="994">
      <marc:subfield code="c">NEW</marc:subfield>
      <marc:subfield code="d">New collection customer.57439.69</marc:subfield>
    </marc:datafield>
  </marc:record>
  <marc:record>
    <marc:leader>00354n   a2200121   4500</marc:leader>
    <marc:controlfield tag="001">1120917947</marc:controlfield>
    <marc:controlfield tag="004">on1106498624</marc:controlfield>
    <marc:datafield ind1=" " ind2="4" tag="690">
      <marc:subfield code="a">China</marc:subfield>
      <marc:subfield code="9">[01]!076243028!</marc:subfield>
    </marc:datafield>
    <marc:datafield ind1=" " ind2="4" tag="690">
      <marc:subfield code="a">Carriage of goods by sea</marc:subfield>
      <marc:subfield code="9">[02]!076240479!</marc:subfield>
    </marc:datafield>
    <marc:datafield ind1=" " ind2="4" tag="690">
      <marc:subfield code="a">Letters of indemnity</marc:subfield>
      <marc:subfield code="9">[03]!076263940!</marc:subfield>
    </marc:datafield>
    <marc:datafield ind1=" " ind2="4" tag="690">
      <marc:subfield code="a">Law of contracts</marc:subfield>
      <marc:subfield code="9">[04]!076246043!</marc:subfield>
    </marc:datafield>
    <marc:datafield ind1=" " ind2="4" tag="690">
      <marc:subfield code="a">Maritime law</marc:subfield>
      <marc:subfield code="9">[05]!076240002!</marc:subfield>
    </marc:datafield>
    <marc:datafield ind1=" " ind2="9" tag="695">
      <marc:subfield code="a">Maritime law</marc:subfield>
      <marc:subfield code="f">00</marc:subfield>
    </marc:datafield>
  </marc:record>
  <marc:record>
    <marc:leader>00323ny  a2200109zn 4500</marc:leader>
    <marc:controlfield tag="001">284814666</marc:controlfield>
    <marc:controlfield tag="003">OCoLC</marc:controlfield>
    <marc:controlfield tag="004">on1106498624</marc:controlfield>
    <marc:controlfield tag="007">zu</marc:controlfield>
    <marc:controlfield tag="008">1907013u    8   |001uuund0190701</marc:controlfield>
    <marc:datafield ind1=" " ind2=" " tag="035">
      <marc:subfield code="a">(OCoLC)1106498624</marc:subfield>
    </marc:datafield>
    <marc:datafield ind1="8" ind2=" " tag="852">
      <marc:subfield code="a">NLVRD</marc:subfield>
      <marc:subfield code="b">NLVA</marc:subfield>
      <marc:subfield code="c">Closed Stacks (reference only)</marc:subfield>
      <marc:subfield code="h">P 4298</marc:subfield>
      <marc:subfield code="t">1</marc:subfield>
      <marc:subfield code="z">Borrow? Place your hold on the right volume of the journal</marc:subfield>
    </marc:datafield>
  </marc:record>
  <marc:record>
    <marc:leader>00874caa a2200253Ki 4500</marc:leader>
    <marc:controlfield tag="001">on1106500493</marc:controlfield>
    <marc:controlfield tag="003">PICA</marc:controlfield>
    <marc:controlfield tag="003">OCoLC</marc:controlfield>
    <marc:controlfield tag="005">20190809114311.5</marc:controlfield>
  </marc:record>

  <OTHER_MARC_RECORDS/>

</marc:collection>